@misc{aqi,
  title = {Auckland Ambient Air Quality Guidelines},
  author = {{Auckland Regional Council}},
  address = {Auckland, New Zealand},
  url = {https://drive.google.com/drive/folders/1D-WsQ3ISmYWjJlSI29aA7rlgYPrzOv6F},
  year = {2020},
  note = {Accessed: 2021-09-22},
}

@misc{aqitarget,
  title = {Auckland Ambient Air Quality Targets},
  author = {{Auckland Regional Council}},
  address = {Auckland, New Zealand},
  url = {https://unitaryplan.aucklandcouncil.govt.nz/Images/Auckland%20Unitary%20Plan%20Operative/Chapter%20E%20Auckland-wide/1.%20Natural%20Resources/E14%20Air%20quality.pdf},
  year = {2020},
  note = {Accessed: 2021-09-22},
}

@misc{aklenvdata,
  title = {The Auckland Environmental Data},
  author = {{Auckland Regional Council}},
  address = {Auckland, New Zealand},
  url = {https://environmentauckland.org.nz/Data/DataSet},
  year = {2021},
  note = {Accessed: 2021-05-25},
}

@manual{iso8601,
  title = {ISO 8601: Date and Time Format},
  author = {{International Organization for Standardization}},
  url = {https://www.iso.org/iso-8601-date-and-time-format.html},
  year = {2019},
}

@manual{readr,
  title = {readr: Read Rectangular Text Data},
  author = {Hadley Wickham and Jim Hester and Romain Francois},
  year = {2018},
  note = {R package version 1.3.1},
  url = {https://CRAN.R-project.org/package=readr},
}

@article{tsibble,
  author = {Earo Wang and Dianne Cook and Rob J Hyndman},
  title = {A new tidy data structure to support exploration and modeling of temporal data},
  journal = {Journal of Computational and Graphical Statistics},
  volume = {29},
  number = {3},
  pages = {466-478},
  year = {2020},
  url = {https://doi.org/10.1080/10618600.2019.1695624},
}

@manual{echarts4r,
  title = {echarts4r: Create Interactive Graphs with 'Echarts JavaScript' Version 4},
  author = {John Coene},
  year = {2020},
  note = {R package version 0.3.3},
  url = {https://CRAN.R-project.org/package=echarts4r},
}

@manual{echarts,
  title = {Apache ECharts: An Open Source JavaScript Visualization Library},
  author = {{The Apache Software Foundation}},
  year = {2020},
  url = {https://echarts.apache.org/handbook},
}

@book{ggplot2,
  author = {Hadley Wickham},
  title = {ggplot2: Elegant Graphics for Data Analysis},
  publisher = {Springer-Verlag New York},
  year = {2016},
  isbn = {978-3-319-24277-4},
  url = {https://ggplot2.tidyverse.org},
}

@manual{dplyr,
  title = {dplyr: A Grammar of Data Manipulation},
  author = {Hadley Wickham and Romain François and Lionel Henry and Kirill Müller},
  year = {2020},
  note = {R package version 1.0.1},
  url = {https://CRAN.R-project.org/package=dplyr},
}

@book{fpp3,
  title = {Forecasting: Principles and Practice},
  author = {Rob Hyndman},
  year = {2021},
  publisher = {Monash University},
  address = {Melbourne, VIC, Australia},
  edition = {3},
  url = {https://otexts.com/fpp3},
}

@manual{feasts,
  title = {feasts: Feature Extraction and Statistics for Time Series},
  author = {Mitchell O'Hara-Wild and Rob Hyndman and Earo Wang},
  year = {2021},
  note = {R package version 0.1.7},
  url = {https://CRAN.R-project.org/package=feasts},
}

@book{dataviz-ts,
  title = {Fundamentals of Data Visualization},
  author = {Claus O. Wilke},
  publisher = {O'Reilly Media},
  address = {Sebastopol, CA},
  year = {2019},
  url = {https://clauswilke.com/dataviz},
}

@book{tufte,
  title = {The Visual Display of Quantitative Information},
  author = {Edward R. Tufte},
  year = {1983},
  publisher = {Graphics Press},
}

@manual{shiny,
  title = {shiny: Web Application Framework for R},
  author = {Winston Chang and Joe Cheng and JJ Allaire and Carson Sievert and Barret Schloerke and Yihui Xie and Jeff Allen and Jonathan McPherson and Alan Dipert and Barbara Borges},
  year = {2021},
  note = {R package version 1.6.0},
  url = {https://CRAN.R-project.org/package=shiny},
}

@manual{R2021,
  title = {R: A Language and Environment for Statistical Computing},
  author = {{R Core Team}},
  organization = {R Foundation for Statistical Computing},
  address = {Vienna, Austria},
  year = {2021},
  url = {https://www.R-project.org},
}

@book{mshiny,
  title = {Mastering Shiny},
  author = {Hadley Wickham},
  publisher = {O'Reilly Media},
  address = {Sebastopol, CA},
  year = {2021},
  url = {https://mastering-shiny.org},
}

@article{calmap,
  title = {Air Pollutant Index Calendar-Based Graphics for Visualizing Trends Profiling and Analysis},
  author = {Nur Haizum Abd Rahman and Muhammad Hisyam Lee},
  journal = {Sains Malaysiana},
  year = {2020},
  volume = {49},
  number = {1},
  pages = {201-209},
  url = {http://dx.doi.org/10.17576/jsm-2020-4901-24},
}

@article{calmapi,
  title = {Temporal Patterns in Fine Particulate Matter Time Series in Beijing: A Calendar View},
  author = {Jianzheng Liu and Jie Li and Weifeng Li},
  journal = {Scientific Reports},
  year = {2016},
  volume = {6},
  number = {32221},
  url = {https://doi.org/10.1038/srep32221},
}

@article{trellis,
  title = {The Visual Design and Control of Trellis Display},
  author = {Richard A. Becker and William S. Cleveland and Ming-Jen Shyu},
  journal = {Journal of Computational and Graphical Statistics},
  year = {1996},
  volume = {5},
  number = {2},
  pages = {123-155},
  url = {https://doi.org/10.1080/10618600.1996.10474701},
}

@manual{fpp3d,
  title = {fpp3: Data for "Forecasting: Principles and Practice" (3rd Edition)},
  author = {Rob Hyndman},
  year = {2021},
  note = {R package version 0.4.0},
  url = {https://CRAN.R-project.org/package=fpp3},
}

@book{intg,
  title = {Interactive and Dynamic Graphics for Data Analysis},
  author = {Dianne Cook and Deborah F. Swayne},
  publisher = {Springer Science \& Business Media, Inc.},
  address = {New York, NY},
  year = {2007},
}

@misc{tt,
  title = {Windows NT 3.51 Product Overview},
  author = {{Microsoft Corporation}},
  address = {Seattle, WA},
  url = {https://web.archive.org/web/20071225070412/http://support.microsoft.com/kb/124814},
  year = {1995},
  note = {Accessed: 2021-10-11},
}

@book{plotly,
  author = {Carson Sievert},
  title = {Interactive Web-Based Data Visualization with R, plotly, and shiny},
  publisher = {Chapman and Hall/CRC},
  year = {2020},
  isbn = {9781138331457},
  url = {https://plotly-r.com},
}

@article{wind,
  author = {Zhang, Boen and Jiao, Limin and Xu, Gang and Zhao, Suli and Tang, Xin and Zhou, Yue and Gong, Chen},
  title = {Influences of wind and precipitation on different-sized particulate matter concentrations (PM2.5, PM10, PM2.5-10)},
  journal = {Meteorology and Atmospheric Physics},
  year = {2018},
  volume = {130},
  number = {3},
  pages = {383-392},
  url = {https://doi.org/10.1007/s00703-017-0526-9}
}

@article{openair,
  title = {openair - An R package for air quality data analysis},
  author = {David C. Carslaw and Karl Ropkins},
  journal = {Environmental Modelling \& Software},
  volume = {27-28},
  number = {0},
  pages = {52-61},
  year = {2012},
  issn = {1364-8152},
  url = {https://doi.org/10.1016/j.envsoft.2011.09.008},
}

@article{cwr,
  title = {Pollution wind‐rose analysis},
  author = {Robert Edward Munn},
  journal = {Atmosphere},
  volume = {7},
  number = {3},
  pages = {97-105},
  year = {1969},
  url = {https://doi.org/10.1080/00046973.1969.9676573},
}

@article{vdwr,
  title = {On the Standard Vector-Deviation Wind Rose},
  author = {Harold L. Crutcher},
  journal = {Journal of the Atmospheric Sciences},
  volume = {14},
  number = {1},
  pages = {28-33},
  year = {1957},
  url = {https://doi.org/10.1175/0095-9634-14.1.28},
}

@book{lm,
  title = {Statistical Models in S},
  author = {John McKinley Chambers and Trevor John Hastie},
  publisher = {Wadsworth \& Brooks/Cole},
  year = {1992},
}

@book{acf,
  title = {Modern Applied Statistics with S},
  author = {William N. Venables and Brian D. Ripley},
  publisher = {Springer-Verlag},
  year = {2002},
  edition = {4},
}

@inproceedings{aqidef,
  author = {Ranjana Waman Gore and Deepa S. Deshpande},
  booktitle = {2017 1st International Conference on Intelligent Systems and Information Management (ICISIM)},
  title = {An approach for classification of health risks based on air quality levels},
  year = {2017},
  volume = {},
  number = {},
  pages = {58-61},
  doi = {10.1109/ICISIM.2017.8122148}
}

@misc{nzaqrg,
  title = {Resource Management (National Environmental Standards for Air Quality) Regulations 2004},
  author = {{New Zealand Parliamentary Counsel Office}},
  address = {Wellington, New Zealand},
  year = {2004},
}

@misc{usaqrs,
  title = {Technical Assistance Document for the Reporting of Daily Air Quality - the Air Quality Index (AQI)},
  author = {{U.S. Environmental Protection Agency}},
  address = {Research Triangle Park, NC},
  url = {https://www.airnow.gov/sites/default/files/2020-05/aqi-technical-assistance-document-sept2018.pdf},
  year = {2020},
  note = {Accessed: 2021-10-13},
}

@article{colwarn,
  title = {The influence of color on warning label perceptions},
  author = {Curt C. Braun and Paul B. Mine and N. {Clayton Silver}},
  journal = {International Journal of Industrial Ergonomics},
  volume = {15},
  number = {3},
  pages = {179-187},
  year = {1995},
  issn = {0169-8141},
  url = {https://doi.org/10.1016/0169-8141(94)00036-3},
}

@article{cdbias,
  title = {Wind Direction Bias in Generating Wind Roses and Conducting Sector-Based Air Dispersion Modeling},
  author = {James G. Droppo and Bruce A. Napier},
  journal = {Journal of the Air \& Waste Management Association},
  volume = {58},
  number = {7},
  pages = {913-918},
  year = {2008},
  issn = {2162-2906},
  url = {https://doi.org/10.3155/1047-3289.58.7.913},
}

@manual{leaflet,
  title = {leaflet: Create Interactive Web Maps with the JavaScript 'Leaflet' Library},
  author = {Joe Cheng and Bhaskar Karambelkar and Yihui Xie},
  year = {2021},
  note = {R package version 2.0.4.1},
  url = {https://CRAN.R-project.org/package=leaflet},
}

@manual{sparkline,
  title = {sparkline: 'jQuery' Sparkline 'htmlwidget'},
  author = {Ramnath Vaidyanathan and Kent Russell and Gareth Watts},
  year = {2016},
  note = {R package version 2.0},
  url = {https://CRAN.R-project.org/package=sparkline},
}

@manual{reactable,
  title = {reactable: Interactive Data Tables Based on 'React Table'},
  author = {Greg Lin},
  year = {2021},
  note = {https://glin.github.io/reactable/, https://github.com/glin/reactable},
}
